<record><leader>00000cas a22000007a 4500</leader><controlfield tag="001">2267652</controlfield><controlfield tag="008">760620d18491854wiuwr ne      0    0dut d</controlfield><datafield ind1=" " ind2=" " tag="010"><subfield code="a">sn 84031967 </subfield></datafield><datafield ind1=" " ind2=" " tag="040"><subfield code="a">PIT</subfield><subfield code="b">eng</subfield><subfield code="c">PIT</subfield><subfield code="d">NYG</subfield><subfield code="d">NPV</subfield><subfield code="d">NPH</subfield><subfield code="d">CUS</subfield><subfield code="d">OCLCF</subfield></datafield><datafield ind1="1" ind2=" " tag="029"><subfield code="a">AU@</subfield><subfield code="b">000025803103</subfield></datafield><datafield ind1=" " ind2=" " tag="042"><subfield code="a">msc</subfield></datafield><datafield ind1=" " ind2=" " tag="043"><subfield code="a">n-us-wi</subfield></datafield><datafield ind1=" " ind2=" " tag="045"><subfield code="a">w4w5</subfield></datafield><datafield ind1=" " ind2="4" tag="050"><subfield code="a">AN</subfield></datafield><datafield ind1=" " ind2=" " tag="052"><subfield code="a">4123</subfield><subfield code="b">S6</subfield></datafield><datafield ind1=" " ind2="4" tag="082"><subfield code="a">071</subfield></datafield><datafield ind1="0" ind2="0" tag="245"><subfield code="a">Sheboygan nieuwsbode.</subfield></datafield><datafield ind1="0" ind2="3" tag="246"><subfield code="a">Nieuwsbode</subfield></datafield><datafield ind1=" " ind2=" " tag="260"><subfield code="a">Sheboygan, Wis. :</subfield><subfield code="b">J. Quintus,</subfield><subfield code="c">1849-1854.</subfield></datafield><datafield ind1=" " ind2=" " tag="300"><subfield code="a">volumes ;</subfield><subfield code="c">32 cm.</subfield></datafield><datafield ind1=" " ind2=" " tag="310"><subfield code="a">Weekly</subfield></datafield><datafield ind1=" " ind2=" " tag="336"><subfield code="a">text</subfield><subfield code="b">txt</subfield><subfield code="2">rdacontent</subfield></datafield><datafield ind1=" " ind2=" " tag="337"><subfield code="a">unmediated</subfield><subfield code="b">n</subfield><subfield code="2">rdamedia</subfield></datafield><datafield ind1=" " ind2=" " tag="338"><subfield code="a">volume</subfield><subfield code="b">nc</subfield><subfield code="2">rdacarrier</subfield></datafield><datafield ind1="0" ind2=" " tag="362"><subfield code="a">1e. jaarg., no. 1 (16 Oct., 1849)-5de jaarg., no. 52 (26 Dec., 1854).</subfield></datafield><datafield ind1=" " ind2=" " tag="515"><subfield code="a">Issues for &lt;Nov. 15, 1850-Dec. 26, 1854&gt; called also &lt;No. 53-Geheel no. 260&gt;.</subfield></datafield><datafield ind1=" " ind2=" " tag="521"><subfield code="a">"Het eenige Hollandsche Blad in Amerika verschijnt elken Dingsdag =The only Dutch (Holland) paper in America is issued every Tuesday."</subfield></datafield><datafield ind1=" " ind2=" " tag="525"><subfield code="a">Supplements accompany some issues.</subfield></datafield><datafield ind1=" " ind2=" " tag="546"><subfield code="a">In Dutch.</subfield></datafield><datafield ind1=" " ind2=" " tag="500"><subfield code="a">Editor: J. Quintus, Oct. 16, 1840-Dec. 26, 1854.</subfield></datafield><datafield ind1=" " ind2="0" tag="651"><subfield code="a">Sheboygan (Wis.)</subfield><subfield code="v">Newspapers.</subfield></datafield><datafield ind1=" " ind2="7" tag="655"><subfield code="a">Newspapers.</subfield><subfield code="2">fast</subfield><subfield code="0">(OCoLC)fst01423814</subfield></datafield><datafield ind1=" " ind2="7" tag="651"><subfield code="a">Wisconsin</subfield><subfield code="z">Sheboygan.</subfield><subfield code="2">fast</subfield><subfield code="0">(OCoLC)fst01202949</subfield></datafield><datafield ind1=" " ind2=" " tag="752"><subfield code="a">United States</subfield><subfield code="b">Wisconsin</subfield><subfield code="c">Sheboygan</subfield><subfield code="d">Sheboygan.</subfield></datafield><datafield ind1="0" ind2="0" tag="785"><subfield code="t">Nieuwsbode</subfield><subfield code="w">(DLC)sn 86086259</subfield><subfield code="w">(OCoLC)13979426</subfield></datafield></record>